@incollection{MKPChapter,
    title = {{0-1 Multiple Knapsack Problem}},
    year = {1990},
    booktitle = {Knapsack Problems},
    author = {Martello, Silvano and Toth, Paulo},
    chapter = {6},
    pages = {157--187},
    publisher = {John Wiley {\&} Sons Ltd.},
    url = {http://www.or.deis.unibo.it/kp/KnapsackProblems.pdf http://www.or.deis.unibo.it/kp/Chapter6.pdf},
    address = {Chichester},
    isbn = {0 471 92420 2}
}

@article{Haddar2016,
    title = {{A hybrid quantum particle swarm optimization for the Multidimensional Knapsack Problem}},
    year = {2016},
    journal = {Engineering Applications of Artificial Intelligence},
    author = {Haddar, Boukthir and Khemakhem, Mahdi and Hanafi, Saïd and Wilbaut, Christophe},
    pages = {1--13},
    volume = {55},
    doi = {10.1016/j.engappai.2016.05.006},
    keywords = {combinatorial optimization}
}

@article{WuRoss2014,
    title = {{A Stochastic Assignment Problem}},
    year = {2015},
    journal = {Naval Research Logistics},
    author = {Wu, David T. and Ross, Sheldon M.},
    pages = {23--31},
    volume = {62},
    doi = {10.1002/nav.21611},
    pmid = {25246403}
}

@article{Wilbaut2008,
    title = {{A Survey of Effective Heuristics and their Application to a Variety of Knapsack Problems}},
    year = {2008},
    journal = {IMA Journal of Management Mathematics},
    author = {Wilbaut, Christophe and Hanafi, Said and Salhi, Said},
    number = {3},
    pages = {227--244},
    volume = {19},
    doi = {10.1093/imaman/dpn004},
    keywords = {0-1 variables, Heuristics, Knapsack}
}

@article{Lai2018,
    title = {{A Two-Phase Tabu-Evolutionary Algorithm for the 0–1 Multidimensional Knapsack Problem}},
    year = {2018},
    journal = {Information Sciences},
    author = {Lai, Xiangjing and Hao, Jin Kao and Glover, Fred and L{\"{u}}, Zhipeng},
    pages = {282--301},
    volume = {436-437},
    doi = {10.1016/j.ins.2018.01.026},
    issn = {00200255},
    keywords = {Combinatorial optimization, Meta-heuristics, Multidimensional knapsack problem, Solution-based tabu search}
}

@misc{AFPAM10-1403,
    title = {{Air Force Pamphlet 10-1043: Air Mobility Planning Factors}},
    year = {2011},
    booktitle = {Air Force Pamphlet 10-1043},
    author = {{U.S. Department of the Air Force}},
    pages = {29},
    publisher = {U.S. Department of the Air Force},
    isbn = {9788578110796},
    doi = {10.1017/CBO9781107415324.004},
    issn = {1098-6596},
    pmid = {25246403},
    arxivId = {arXiv:1011.1669v3}
}

@article{Simon2017,
    title = {{An Application of the Multiple Knapsack Problem: The Self-Sufficient Marine}},
    year = {2017},
    journal = {European Journal of Operational Research},
    author = {Simon, Jay and Apte, Aruna and Regnier, Eva},
    doi = {10.1016/j.ejor.2016.06.049},
    issn = {03772217},
    keywords = {Integer programming, Marine corps, Multiple knapsack problem, OR in defense, Self-sufficiency}
}

@article{Perry2009,
    title = {{An Approximate Dynamic Programming Approach to Solving a Dynamic, Stochastic Multiple Knapsack Problem}},
    year = {2009},
    journal = {International Transactions in Operational Research},
    author = {Perry, Thomas C. and Hartman, Joseph C.},
    number = {3},
    pages = {347--359},
    volume = {16},
    doi = {10.1111/j.1475-3995.2008.00679},
    keywords = {approximate dynamic programming, simulation, stochastic dynamic programming}
}

@misc{BARON_UserManual,
    title = {{BARON User Manual v. 2018.11.15}},
    year = {2018},
    author = {Sahinidis, Nick},
    pages = {1--29},
    howpublished = {https://minlp.com/baron-downloads}
}

@misc{c130,
    title = {{C-130 Hercules}},
    year = {2018},
    author = {{DoD}},
    url = {https://www.af.mil/DesktopModules/ArticleCS/Print.aspx?PortalId=1&ModuleId=854&Article=1555054},
    howpublished = {https://www.af.mil/DesktopModules/ArticleCS/Print.aspx?PortalId=1{\&}ModuleId=854{\&}Article=1555054}
}

@misc{c-17,
    title = {{C-17 Globemaster III}},
    year = {2018},
    author = {{DoD}},
    url = {https://www.af.mil/DesktopModules/ArticleCS/Print.aspx?PortalId=1&ModuleId=854&Article=1529726},
    howpublished = {https://www.af.mil/DesktopModules/ArticleCS/Print.aspx?PortalId=1{\&}ModuleId=854{\&}Article=1529726}
}

@misc{C5,
    title = {{C-5 A / B / C Galaxy and C-5M Super Galaxy}},
    year = {2017},
    author = {{DoD}},
    url = {https://www.amc.af.mil/About-Us/Fact-Sheets/Display/Article/977534/c-5-abc-galaxy-and-c-5m-super-galaxy/},
    howpublished = {https://www.amc.af.mil/About-Us/Fact-Sheets/Display/Article/977534/c-5-abc-galaxy-and-c-5m-super-galaxy/}
}

@techreport{Cargo2018,
    title = {{Channel Performance and Analysis Report (Cargo)}},
    year = {2019},
    publisher = {618th Air Operations Center Tanker Airlift Control Center}
}

@techreport{Cargo2017,
    title = {{Channel Performance and Analysis Report (Cargo)}},
    year = {2018},
    publisher = {618th Air Operations Center Tanker Airlift Control Center}
}

@article{Butt2018,
    title = {{CYBER DATA ANOMALY DETECTION USING AUTOENCODER NEURAL NETWORKS}},
    year = {2018},
    author = {Butt, Spencer A.}
}

@phdthesis{Talafuse2011,
    title = {{Empirical Characterization of Ballistic Impact Flash}},
    year = {2011},
    author = {Talafuse, Thomas P},
    pages = {96},
    school = {Air Force Institute of Technology}
}

@phdthesis{Reiman2014,
    title = {{Enterprise Analysis of Strategic Airlift to Obtain Competitive Advantage through Fuel Efficiency}},
    year = {2014},
    booktitle = {Theses and Dissertations},
    author = {Reiman, Adam D.},
    pages = {205},
    url = {http://www.dtic.mil/docs/citations/ADA609511},
    school = {Air Force Institute of Technology},
    isbn = {9781321283600},
    issn = {5512294571},
    keywords = {0709:Transportation planning, 0796:Operations research, Airlift, Applied sciences, Cargo throughput, Fuel efficiency, Metrics, Nodal reduction, Operations research, Social sciences, Transportation planning, Value focused thinking}
}

@misc{GAMS_old,
    title = {{GAMS — The Solver Manuals}},
    year = {2008},
    pages = {588},
    publisher = {Gams Development Corporation},
    url = {http://www.gams.com/help/topic/gams.doc/solvers/allsolvers.pdf},
    howpublished = {http://citeseerx.ist.psu.edu/viewdoc/download?doi=10.1.1.140.8560{\&}rep=rep1{\&}type=pdf},
    isbn = {4922194991}
}

@book{knapsackProblems,
    title = {{Knapsack Problems}},
    year = {2010},
    author = {Kellerer, Hans and Pferschy, Ulrich and Pisinger, David},
    pages = {1--42},
    publisher = {Springer-Verlag},
    address = {Berlin},
    isbn = {978-3-642-07311-3}
}

@book{ahuja,
    title = {{Network Flows}},
    year = {1993},
    author = {Ahuja, Ravindra K. and Magnanti, Thomas L. and Orlin, James B.},
    editor = {Janzow, Pete and Peterson, Marrill},
    pages = {4--7},
    publisher = {Prentice-Hall, Inc.},
    address = {New Jersey},
    isbn = {0-13-617S49-X}
}

@phdthesis{Keene2018,
    title = {{OPTIMAL RECOVERY OF CRITICAL INFRASTRUCTURES AFTER A NUCLEAR ATTACK}},
    year = {2018},
    author = {Keene, Ivan},
    pages = {97},
    school = {Air Force Institute of Technology}
}

@phdthesis{Boone2018,
    title = {{Shortest Path Across Stochastic Network with Correlated Random Arcs}},
    year = {2018},
    author = {Boone, Stephanie M.},
    pages = {81}
}

@article{vaswani,
    title = {{The Aircraft Assignment Problem}},
    year = {1957},
    journal = {Aeronautical Engineering Review},
    author = {Vaswani, Ram},
    number = {2},
    pages = {64--68},
    volume = {16}
}

@article{ferguson_dantzig_uncertainDemand,
    title = {{The Allocation of Aircraft to Routes - An Example of Linear Programming Under Uncertain Demand}},
    year = {1956},
    journal = {Management Science},
    author = {Ferguson, Allen R. and Dantzig, George B.},
    number = {1},
    pages = {45--73},
    volume = {3},
    url = {http://www.dtic.mil/dtic/tr/fulltext/u2/112418.pdf https://doi.org/10.1287/mnsc.3.1.45},
    doi = {https://doi.org/10.1287/mnsc.3.1.45}
}

@article{EilonChristofides1971,
    title = {{The Loading Problem}},
    year = {1971},
    journal = {Management Science},
    author = {Samuel Eilon, Nicos Christofides},
    number = {7},
    pages = {1092--1100},
    volume = {51},
    isbn = {0767914767},
    doi = {10.1287/mnsc.1050.0362},
    issn = {1462-6004},
    keywords = {2003, 4 months for 2, accepted by jagmohan s, diagnostic information, history, marketing, marketing research, pricing, raju, received october 8, revisions, the authors, this paper was with}
}

@article{maywald,
    title = {{The Myth of Strategic and Tactical Airlift}},
    year = {2017},
    journal = {Air and Space Power Journal},
    author = {Maywald, Jacob D. and Reiman, Adam D. and Johnson, Alan W. and Overstreet, Robert E.},
    number = {1},
    pages = {61--71},
    volume = {31},
    url = {https://www.airuniversity.af.edu/Portals/10/ASPJ/journals/Volume-31_Issue-1/V-Maywald_et_al.pdf},
    howpublished = {https://www.airuniversity.af.edu/Portals/10/ASPJ/journals/Volume-31{\_}Issue-1/V-Maywald{\_}et{\_}al.pdf},
    issn = {1555385X}
}

@article{ferguson_dantzig_aircraftRouting,
    title = {{The Problem of Routing Aircraft}},
    year = {1955},
    journal = {Aeronautical Engineering Review},
    author = {Ferguson, Allen R. and Dantzig, George B.},
    number = {4},
    pages = {51--55},
    volume = {14}
}

@article{Ross1989,
    title = {{The Stochastic Knapsack Problem}},
    year = {1989},
    journal = {IEEE Transactions on Communications},
    author = {Ross, Keith W. and Tsang, Danny H K},
    number = {7},
    pages = {740--747},
    volume = {37},
    isbn = {0090-6778},
    doi = {10.1109/26.31166},
    issn = {00906778}
}

@article{Jordan,
    title = {{Updating Optimal Decisions Using Game Theory and Exploring Risk Behavior Through Response Surface Methodology}},
    year = {2007},
    author = {Jordan, Jeremy D.},
    pages = {157},
    isbn = {9781109078763},
    issn = {08937141}
}

@article{Kataoka2014,
    title = {{Upper and Lower Bounding Procedures for the Multiple Knapsack Assignment Problem}},
    year = {2014},
    journal = {European Journal of Operational Research},
    author = {Kataoka, Seiji and Yamada, Takeo},
    number = {2},
    pages = {440--447},
    volume = {237},
    doi = {10.1016/j.ejor.2014.02.014},
    issn = {03772217},
    keywords = {Assignment problem, Combinatorial optimization, Heuristics, Lagrangian relaxation, Multiple knapsack problem}
}

@misc{WGS,
    title = {{World Geodetic System 1984 (WGS 84)}},
    url = {http://earth-info.nga.mil/GandG/update/index.php?dir=wgs84&action=wgs84},
    howpublished = {http://earth-info.nga.mil/GandG/update/index.php?dir=wgs84{\&}action=wgs84},
    institution = {National Geospatial-Intelligence Agency}
}

@article{Shih1979AProblem,
    title = {{A Branch and Bound Method for the Multiconstraint Zero-One Knapsack Problem}},
    year = {1979},
    journal = {Journal of the Operational Research Society},
    author = {Shih, Wei},
    number = {4},
    pages = {369--378},
    volume = {30},
    doi = {10.1057/jors.1979.78},
    issn = {14769360}
}

@misc{Billion1967ADestinations,
    title = {{A Methodlogy For Accurately Predicting Demand for Airlift of Military Cargo to Overseas Destinations}},
    year = {1967},
    author = {Billion, William E. and Regan, Lawrence G.}
}

@article{Little1963AnProblem,
    title = {{An Algorithm for the Traveling Salesman Problem}},
    year = {1963},
    journal = {Operations Research},
    author = {Little, John D. C. and Murty, Katta G. and Sweeney, Dura W. and Karel, Caroline},
    number = {6},
    pages = {972--989},
    volume = {11},
    url = {http://pubsonline.informs.org/doi/abs/10.1287/opre.11.6.972},
    howpublished = {http://pubsonline.informs.org/doi/abs/10.1287/opre.11.6.972},
    doi = {10.1287/opre.11.6.972},
    issn = {0002-3191}
}

@incollection{Land2010AnProblems,
    title = {{An Automatic Method for Solving Discrete Programming Problems}},
    year = {2010},
    booktitle = {50 Years of Integer Programming 1958-2008: From the Early Years to the State-of-the-Art},
    author = {Land, Ailsa H. and Doig, Alison G.},
    pages = {105--106},
    publisher = {Springer},
    address = {Berlin},
    isbn = {9783540682745},
    doi = {10.1007/978-3-540-68279-0{\_}5},
    issn = {00129682},
    pmid = {29605397}
}

@misc{Lipp2011BARONCME334,
    title = {{BARON : Branch And Reduce Optimization Navigator (Slide Deck for Stanford University CME334)}},
    year = {2011},
    author = {Lipp, Thomas},
    url = {https://web.stanford.edu/class/cme334/docs/2011-12-01-BARON},
    howpublished = {https://web.stanford.edu/class/cme334/docs/2011-12-01-BARON}
}

@misc{GavaghanCFormulae,
    title = {{C{\#} Geodesy Library for GPS- Vincenty's Formulae}},
    author = {Gavaghan, Mike},
    url = {http://www.gavaghan.org/blog/free-source-code/geodesy-library-vincentys-formula/},
    howpublished = {http://www.gavaghan.org/blog/free-source-code/geodesy-library-vincentys-formula/}
}

@misc{Pike2000C-17III,
    title = {{C-17 Globemaster III}},
    year = {2000},
    booktitle = {Military Analysis Network},
    author = {Pike, John (FAS) and Sherman, Robert (FAS)},
    url = {https://fas.org/man/dod-101/sys/ac/c-17.htm}
}

@misc{Pike2016C-5A/B,
    title = {{C-5A/B}},
    year = {2016},
    booktitle = {Military Analysis Network},
    author = {Pike, John (FAS) and Sherman, Robert (FAS)},
    url = {https://fas.org/man/dod-101/sys/ac/c-5.htm}
}

@article{Vincenty1975DirectEquations,
    title = {{Direct and Inverse Solutions of Geodesics on the Ellipsoid with Application of Nested Equations}},
    year = {1975},
    journal = {Survey Review},
    author = {Vincenty, T.},
    number = {176},
    pages = {88--93},
    volume = {23},
    url = {http://www.tandfonline.com/doi/full/10.1179/sre.1975.23.176.88},
    howpublished = {http://www.tandfonline.com/doi/full/10.1179/sre.1975.23.176.88},
    isbn = {0039-6265},
    doi = {10.1179/sre.1975.23.176.88},
    issn = {0039-6265},
    pmid = {15073641}
}

@article{Dimitrov2017EmergencyProblem,
    title = {{Emergency relocation of items using single trips: Special cases of the Multiple Knapsack Assignment Problem}},
    year = {2017},
    journal = {European Journal of Operational Research},
    author = {Dimitrov, Nedialko B. and Solow, Daniel and Szmerekovsky, Joseph and Guo, Jia},
    doi = {10.1016/j.ejor.2016.09.004},
    issn = {03772217},
    keywords = {Emergency Management, Heuristics, Multiple Knapsack Assignment Problem, Optimization, Vehicle Routing and Transportation Problem}
}

@article{Klnc2018ExploitingBARON,
    title = {{Exploiting Integrality in the Global Optimization of Mixed-Integer Nonlinear Programming Problems with BARON}},
    year = {2018},
    journal = {Optimization Methods and Software},
    author = {Kılın{\c{c}}, Mustafa R. and Sahinidis, Nikolaos V.},
    number = {3},
    pages = {540--562},
    volume = {33},
    isbn = {9781509051328},
    doi = {10.1080/10556788.2017.1350178},
    issn = {10294937},
    keywords = {global optimization, mixed-integer nonlinear programming, portfolios of relaxations, primal heuristics}
}

@article{Tawarmalani2004GlobalStudy,
    title = {{Global Optimization of Mixed-Integer Nonlinear Programs : a Theoretical and Computational Study}},
    year = {2004},
    journal = {Mathematical Programming},
    author = {Tawarmalani, Mohit and Sahinidis, Nikolaos},
    number = {3},
    pages = {563--591},
    volume = {99},
    doi = {10.1007/s10107-003-0467-6},
    issn = {0025-5610}
}

@article{Shen2017HighKnapsack,
    title = {{High availability for VM placement and a stochastic model for multiple knapsack}},
    year = {2017},
    journal = {2017 26th International Conference on Computer Communications and Networks, ICCCN 2017},
    author = {Shen, Bochao and Sundaram, Ravi and Russell, Alexander and Aiyar, Srinivas and Gupta, Karan and Nagpal, Abhinay and Ramesh, Aditya and Shukla, Himanshu},
    volume = {3},
    isbn = {9781509029914},
    doi = {10.1109/ICCCN.2017.8038384},
    keywords = {High availability, Multiple knapsack problem, Virtual machine placement}
}

@article{Cook2012MarkowitzBound,
    title = {{Markowitz and Manne + Eastman + Land and Doig = Branch and Bound}},
    year = {2012},
    journal = {Documenta Mathematica},
    author = {Cook, William},
    number = {2},
    pages = {227--238},
    volume = {17},
    url = {https://www.math.uni-bielefeld.de/documenta/vol-ismp/38_cook-bill.pdf},
    howpublished = {https://www.math.uni-bielefeld.de/documenta/vol-ismp/38{\_}cook-bill.pdf},
    keywords = {adopting a, and phrases, branch and bound, for splitting a space, integer programming, of a process, of solutions into two, of the repeated application, or more subspaces and, the branch-and-bound method consists, traveling salesman problem}
}

@misc{2013MicrosoftExcel,
    title = {{Microsoft Excel}},
    year = {2013},
    publisher = {Microsoft}
}

@inproceedings{Kosuch2011OnProblems,
    title = {{On two-stage stochastic knapsack problems}},
    year = {2011},
    booktitle = {Discrete Applied Mathematics},
    author = {Kosuch, S. and Lisser, A.},
    doi = {10.1016/j.dam.2010.04.006},
    issn = {0166218X},
    keywords = {Normally distributed weights, Stochastic knapsack problem, Two stage}
}

@inproceedings{Kosuch2011OnProblemsb,
    title = {{On two-stage stochastic knapsack problems}},
    year = {2011},
    booktitle = {Discrete Applied Mathematics},
    author = {Kosuch, S. and Lisser, A.},
    doi = {10.1016/j.dam.2010.04.006},
    issn = {0166218X},
    keywords = {Normally distributed weights, Stochastic knapsack problem, Two stage}
}

@phdthesis{Leonard2013OperationalDemand,
    title = {{Operational Planning Of Channel Airlift Missions Using Forcasted Demand}},
    year = {2013},
    author = {Leonard, Taylor},
    isbn = {5512294571},
    issn = {5512294571}
}

@article{Leonard2013OperationalDemandb,
    title = {{Operational Planning Of Channel Airlift Missions Using Forcasted Demand}},
    year = {2013},
    author = {Leonard, Taylor},
    isbn = {5512294571},
    issn = {5512294571}
}

@article{Nangia2006OperationsRefuelling,
    title = {{Operations and aircraft design towards greener civil aviation using air-to-air refuelling}},
    year = {2006},
    journal = {Aeronautical Journal},
    author = {Nangia, R. K.},
    doi = {10.1017/S0001924000001585},
    issn = {00019240}
}

@book{Winston2004OperationsAlgorithms,
    title = {{Operations Research: Applications and Algorithms}},
    year = {2004},
    author = {Winston, Wayne L. and Goldberg, Jeffrey B.},
    editor = {Hoyt, David and Lee, Erica},
    edition = {4},
    pages = {393--398},
    publisher = {Thomson Brooks/Cole},
    address = {Toronto},
    isbn = {0-534-42358-2}
}

@article{Baker2002OptimizingAirlift,
    title = {{Optimizing Military Airlift}},
    year = {2002},
    journal = {Operations Research},
    author = {Baker, Steven and Morton, David and Rosenthal, Richard and Williams, Laura},
    number = {4},
    pages = {21},
    volume = {50},
    url = {http://eds.b.ebscohost.com/eds/detail/detail?vid=2&sid=c452e278-2cd6-4c38-b218-cd473ad39f67%40sessionmgr102&bdata=JnNpdGU9ZWRzLWxpdmU%3D#AN=7226519&db=bth},
    isbn = {0030-364X},
    doi = {10.1287/opre.50.4.582.2864},
    issn = {0030-364X}
}

@incollection{Karp2010ReducibilityProblems,
    title = {{Reducibility Among Combinatorial Problems}},
    year = {2010},
    booktitle = {50 Years of Integer Programming 1958-2008: From the Early Years to the State-of-the-Art},
    author = {Karp, Richard M.},
    isbn = {9783540682745},
    doi = {10.1007/978-3-540-68279-0{\_}8},
    pmid = {15890271},
    arxivId = {arXiv:1011.1669v3}
}

@article{Li2007SimultaneousDecomposition,
    title = {{Simultaneous fleet assignment and cargo routing using benders decomposition}},
    year = {2007},
    journal = {Container Terminals and Cargo Systems: Design, Operations Management, and Logistics Control Issues},
    author = {Li, D. and Huang, H. C. and Chew, E. P. and Morton, A. D.},
    pages = {315--331},
    volume = {335},
    isbn = {9783540495499},
    doi = {10.1007/978-3-540-49550-5{\_}15},
    issn = {01716468},
    keywords = {Airline planning, Benders decomposition, Fleet assignment}
}

@unpublished{Ferguson1954TheSolution,
    title = {{The Problem of Routing Aircraft, a Mathematical Solution}},
    year = {1954},
    author = {Ferguson, Allen R. and Dantzig, George B.},
    institution = {The RAND Corporation},
    address = {Santa Monica}
}